% ------------------------------------------------------------------------
% ------------------------------------------------------------------------
%
% References
% Dissertation
% Samira Marx
%
% ------------------------------------------------------------------------
% ------------------------------------------------------------------------

@article{liu2009,
  title={Measurement of own-and cross-price effects},
  author={Liu, Qing and Otter, Thomas and Allenby, Greg M},
  journal={Handbook of Pricing Research in Marketing},
  pages={61},
  year={2009},
  publisher={Edward Elgar Publishing}
}

@article{griffiths1988,
  title={Bayesian econometrics and how to get rid of those wrong signs},
  author={Griffiths, William E and others},
  journal={Review of Marketing and Agricultural Economics},
  volume={56},
  number={1},
  pages={36--56},
  year={1988},
  publisher={Australian Agricultural and Resource Economics Society}
}

@article{geweke1986,
  title={Exact inference in the inequality constrained normal linear regression model},
  author={Geweke, John},
  journal={Journal of Applied Econometrics},
  volume={1},
  number={2},
  pages={127--141},
  year={1986},
  publisher={Wiley Online Library}
}

@book{koop2003,
   title =     {Bayesian econometrics},
   author =    {Gary Koop},
   publisher = {Wiley-Interscience},
   isbn =      {0470845678,9780470845677,9780470865118},
   year =      {2003},
   series =    {},
   edition =   {},
   volume =    {},
}

@book{gelman2014,
  title={Bayesian data analysis},
  author={Gelman, Andrew and Carlin, John B and Stern, Hal S and Dunson, David B and Vehtari, Aki and Rubin, Donald B},
  volume={2},
  year={2014},
  publisher={CRC press Boca Raton, FL}
}

@book{montgomery2010,
  title={Applied statistics and probability for engineers},
  author={Montgomery, Douglas C and Runger, George C},
  year={2010},
  publisher={John Wiley \& Sons}
}

@book{kennedy2003,
  title={A guide to econometrics},
  author={Kennedy, Peter},
  year={2003},
  publisher={MIT press}
}

@book{studenmund2011,
  author={Studenmund,A. H.},
  year={2011},
  title={Using econometrics: a practical guide},
  publisher={Addison-Wesley},
  address={Boston},
  edition={6th},
  keywords={Regression analysis; Econometrics},
  isbn={0131367730;9780131367739;},
  language={English},
}

@book{gujarati2009,
  title={Basic Econometrics},
  author={Gujarati, Damodar N and Porter, Dawn C},
  edition = {5th},
  year={2009},
  publisher={New York: McGraw-Hill}
}

@article{kruschke2012,
  title={The time has come: Bayesian methods for data analysis in the organizational sciences},
  author={Kruschke, John K and Aguinis, Herman and Joo, Harry},
  journal={Organizational Research Methods},
  volume={15},
  number={4},
  pages={722--752},
  year={2012},
  publisher={Sage Publications Sage CA: Los Angeles, CA}
}

@online{raildeliverygroup,
  author = {{Rail Delivery Group}},
  title = {Passenger demand forecasting council},
  year = 2015,
  url = {https://www.raildeliverygroup.com/pdfc.html},
  urldate = {2017-07-20}
}

@online{tsa,
  author = {Rail Delivery Group},
  title = {Ticketing \& Settlement Agreement},
  year = 2017,
  url = {https://www.raildeliverygroup.com/our-services/working-with-rdg/ticketing-settlement.html},
  urldate = {2017-07-21}
}

@techreport{fares-ticketing,
     title = {Rail Fares and Ticketing},
     author = {Louise Butcher},
     group = {House of Commons Library},
     year = {2017},
     institution = {University of Zurich, Department of Informatics},
     month = {02},
     url = {http://researchbriefings.parliament.uk/ResearchBriefing/Summary/SN01904},
     urldate = {2017-07-21}
     }

@techreport{fares-ticketing-dft,
     title = {Rail Fares and Ticketing Review: Initial Consultation},
     author = {DfT},
     group = {Department for Transport},
     year = {2012},
     institution = {United Kingdom - Department for Transport},
     month = {03},
     url = {https://www.gov.uk/government/consultations/rail-fares-and-ticketing-review},
     urldate = {2017-07-21}
     }

@techreport{sra-conclusions,
     title = {Fares Review Conclusions - 2003},
     author = {SRA},
     group = {Strategic Rail Authority},
     year = {2003},
     institution = {United Kingdom - Strategic Rail Authority},
     urldate = {2017-07-21}
     }
          url = "\url{http://www.orr.gov.uk/__data/assets/pdf_file/0005/4289/sra-fares-conclusions-2003.pdf/}",


@techreport{pdfh,
  author = {PDFC},
  title = {Passenger Demand Forecast Handbook},
  year = 2005,
  institution = {Passenger Demand Forecasting Council},
}

@misc{its-systra-report,
  title={Conditional Elasticity of Demand to Fares - {F}inal {R}eport},
  author={ITS and Systra},
  year={2016},
  month={Nov},
}

@misc{its-systra-met,
  title={Conditional Elasticity of Demand to Fares - {P}roposal},
  author={ITS and Systra},
  year={2015},
  month={Jan},
}

@book{mcelreath2012,
  title={Statistical Rethinking: A Bayesian Course with Examples in R and Stan},
  author={Richard McElreath},
  edition = {1th},
  year={2016},
  publisher={CRC Press}
}

@book{kruschke2014,
  title={Doing Bayesian data analysis: A tutorial with R, JAGS, and Stan},
  author={Kruschke, John},
  year={2014},
  publisher={Academic Press}
}

@article{montgomery1999,
  title={Estimating price elasticities with theory-based priors},
  author={Montgomery, Alan L and Rossi, Peter E},
  journal={Journal of Marketing Research},
  pages={413--423},
  year={1999},
  publisher={JSTOR}
}

@article{wardman2003,
  title={Econometric modelling of competition between train ticket types},
  author={Wardman, M and Toner, J},
  year={2003},
  publisher={Leeds}
}

@online{stan,
  author = {Stan},
  title = {Stan},
  year = 2017,
  url = {http://mc-stan.org/users/documentation/},
  urldate = {2017-08-02}
}

@online{stan_prior,
  author = {Stan},
  title = {Prior Choice Recommendation},
  year = 2017,
  url = {https://github.com/stan-dev/stan/wiki/Prior-Choice-Recommendations},
  urldate = {2017-08-02}
}


@techreport{stan-manual,
     title = {{S}tan {M}odelling {L}anguage - User's guide and reference manual},
     author = {Stan},
     group = {Stan Development Team},
     year = {2017},
     month = {06},
     url = {http://mc-stan.org},
     urldate = {2017-07-21}
     }
     
@online{kruschke2011,
  author = {John Kruschke},
  title = {Doing Bayesian Data Analysis - Blog},
  year = 2011,
  url = {http://doingbayesiandataanalysis.blogspot.co.uk/2011/11/thinning-to-reduce-autocorrelation.html},
  urldate = {2017-08-04}
}

@online{stan_warnings,
  author = {Stan},
  title = {Brief Guidances on Stan's Warnings},
  year = 2017,
  url = {http://mc-stan.org/misc/warnings.html\#divergent-transitions-after-warmup},
  urldate = {2017-08-02}
}

@online{gelman_blog,
  author = {Andrew Gelman},
  title = {There’s No Such Thing As Unbiased Estimation. And It’s a Good Thing, Too.},
  year = 2017,
  url = {http://andrewgelman.com/2015/05/11/theres-no-such-thing-as-unbiased-estimation-and-its-a-good-thing-too/},
  urldate = {2017-08-02}
}

@misc{systra_rand,
  title={Rail Demand Forecast Estimation},
  author={DfT},
  year={2016},
  month={Nov},
  url = {\url{https://www.gov.uk/government/uploads/system/uploads/attachment_data/file/610059/phase2-rail-demand-forecasting-estimation-study.pdf}},
  urldate = {2017-08-02}
}
@online{wikipedia_nuts,
  author = {Wikipedia},
  title = {NUTS statistical regions of the United Kingdom},
  urldate = {2017-08-08}
}

url = {https://en.wikipedia.org/wiki/NUTS\_statistical\_regions\_of\_the\_United\_Kingdom}

@techreport{pdfhv5,
  author = {PDFC},
  title = {Passenger Demand Forecast Handbook},
  year = 2011,
  institution = {Passenger Demand Forecasting Council},
}


@online{hdinterval,
  author = {Mike Meredith and John Kruschke},
  title = {{P}ackage {HDI}nterval},
  url = {\url{https://cran.r-project.org/web/packages/HDInterval/HDInterval.pdf}},
  urldate = {2017-08-08}
}
